@online{Timothy2023,
  author =       "Jake Timothy",
  year =         "2023",
  month =        jun,
  title =        "Something Cool",
  url =          "https://example.com",
  lastaccessed = "Jun 12, 2023",
}
}